
@techreport{ess2017,
  author       = {{ESS}}, 
  title        = {Business Architecture Validation},
  institution  = {{E}uropean {S}tatistical {S}ystem},
  year         = 2017,
  note         = {\href{https://ec.europa.eu/eurostat/cros/system/files/business_architecture_for_ess_validation_-_final.pdf}{pdf}}
}



